=LDR  02486cas a22006017i 4500
=001  020296063
=003  Uk
=005  20230425111552.0
=006  m\\\\\\\\d\|\\\\\\
=007  cr\|||||||||||
=008  191112c20219999nyuqr\j\o\\\\\0\\\a0eng\\
=FMT  \\$a  SE
=022  \\$a2690-7038
=040  \\$aUk$beng$cUk$dUk$erda
=082  04$a629.046$223
=222  \0$aTransactions of the ASME. Journal of autonomous vehicles and systems$b(Online)
=245  00$aTransactions of the ASME.$pJournal of autonomous vehicles and systems.
=246  3\$aTransactions of the American Society of Mechanical Engineers.$pJournal of autonomous vehicles and systems
=246  30$aJournal of autonomous vehicles and systems
=264  \1$a[New York] :$bASME,$c[2021]-
=336  \\$atext$2rdacontent
=337  \\$acomputer$2rdamedia
=338  \\$aonline resource$2rdacarrier
=540  \\$aCurrent copyright fee: GBP25.00$c123\0$5Uk
=588  \\$aDescription based on: volume 2, issue 2 (April 2022); title from thumbnail of cover, viewed April 25, 2023.
=776  08$iAlso issued in print as:$tTransactions of the ASME. Journal of autonomous vehicles and systems$x2690-702X
=856  \\$31850-9999$uhttps://www.asme.org/$xBLDSS
=856  40$uhttps://asmedigitalcollection.asme.org/autonomousvehicles/
=859  \\$aXLD$bejournal$cSFX
=945  \\$aJournal of Autonomous Vehicles and Systems
=959  \\$fCurrently available
=979  \\$aBritish Library$bDSC$j4949.625000N
=CAT  \\$a5552$b40$c20210816$lBLL01$h1411
=CAT  \\$a5552$b40$c20210818$lBLL01$h0656
=CAT  \\$aBLDSS-3PM$b00$c20210824$lBLL01$h1056
=CAT  \\$aBATCH-UPD$b00$c20210824$lBLL01$h1107
=CAT  \\$a5410$b40$c20210831$lBLL01$h1347
=CAT  \\$aBATCH-UPD$b40$c20220520$lBLL01$h1616
=CAT  \\$aIPL-CLA$c20220630$lBLL01$h1541
=CAT  \\$aBATCH-UPD$b00$c20220824$lBLL01$h0845
=CAT  \\$aIPL-CLA$c20220930$lBLL01$h1430
=CAT  \\$a12654$b40$c20230419$lBLL01$h0907
=CAT  \\$a11205$b40$c20230425$lBLL01$h1110
=CAT  \\$a11205$b40$c20230425$lBLL01$h1115
=CFI  0\$aCurrent copyright fee: GBP25.00$c123\0$e01-oct-2022$fGBP25.00$g0$hP$5Uk
=CFI  2\$aPrevious copyright fee: GBP24.00$c123\0$e01-jul-2022$fGBP24.00$g0$hP$5Uk
=FFP  \\$aY$bBLDSS-3PM
=FIN  \\$aY$d20230425
=MNI  \\$a2690-702X
=TOC  \\$aETOC
=UNO  \\$aY
=ACF  \\$aPrevious copyright fee: GBP21.43$c123\0$e16-aug-2021$fGBP21.43$g0$hP$5Uk
=LAS  \\$a11205$b40$c20230425$lBLL01$h1115

